<?xml version="1.0" encoding="UTF-8"?><collection xmlns="http://www.loc.gov/MARC21/slim"><record><leader>00582nam--2200181-u-4500</leader><controlfield tag="001">000051174</controlfield><controlfield tag="002">20161230</controlfield><controlfield tag="005">20161230201049</controlfield><controlfield tag="008">080528s1000------------r-----000-0-eng-d</controlfield><datafield ind1=" " ind2=" " tag="040"><subfield code="a">IFIN-HH</subfield></datafield><datafield ind1=" " ind2=" " tag="080"><subfield code="a">514.748</subfield></datafield><datafield ind1="1" ind2=" " tag="100"><subfield code="a">Dold,A. and Ekmann,B</subfield></datafield><datafield ind1="1" ind2="0" tag="245"><subfield code="a">Global Differential Geometry and Global Analysis. Proceedings of the Colloquium Held at the Technical University of Berlin, November 21-24, 1979</subfield></datafield><datafield ind1=" " ind2=" " tag="260"><subfield code="a">Berlin</subfield><subfield code="b">Springer-Verlag</subfield><subfield code="c">1981</subfield></datafield><datafield ind1=" " ind2=" " tag="300"><subfield code="a">296 p</subfield></datafield><datafield ind1=" " ind2=" " tag="490"><subfield code="a">Lecture Notes in Mathematics</subfield><subfield code="v">Vol.838</subfield></datafield><datafield ind1=" " ind2=" " tag="852"><subfield code="a">49159</subfield><subfield code="c">513</subfield></datafield><datafield ind1=" " ind2=" " tag="CAT"><subfield code="a">Sys</subfield><subfield code="c">20080528</subfield><subfield code="h">132133</subfield></datafield></record></collection>